 @article{freitas_le_feunteun_2019, 
    title={Inhibitory effect of Black Tea, lemon juice, and other beverages on salivary and pancreatic amylases: What impact on bread starch digestion? A dynamic in vitro study}, 
    volume={297}, DOI={10.1016/j.foodchem.2019.05.159}, 
    journal={Food Chemistry}, 
    author={Freitas, Daniela and Le Feunteun, Steven}, 
    year={2019}, month={May}
} 
 
 @article{lowe_2004, 
    title={Amylase}, 
    DOI={10.1016/b0-12-386860-2/00025-3}, 
    journal={Encyclopedia of Gastroenterology}, 
    author={Lowe, Mark E.}, 
    year={2004}, 
    pages={57–58}
} 
 
 @article{peyrot_des_gachons_breslin_2016, 
    title={Salivary Amylase: Digestion and Metabolic Syndrome}, 
    volume={16}, 
    DOI={10.1007/s11892-016-0794-7}, 
    number={10}, 
    journal={Current Diabetes Reports}, 
    author={Peyrot des Gachons, Catherine and Breslin, Paul A.}, 
    year={2016}, 
    month={Oct}
} 
 
 @article{taniguchi_honnda_2009, 
    title={Amylases}, 
    DOI={10.1016/b978-012373944-5.00130-9}, 
    journal={Encyclopedia of Microbiology}, 
    author={Taniguchi, H. and Honnda, Y.}, 
    year={2009}, pages={159–173}
} 
 
 @book{science_skool_2018, 
    title={Enzymes - Breakdown of Starch with Amylase}, url={https://www.youtube.com/watch?v=h_1PEE38zsU}, 
    journal={YouTube}, 
    publisher={YouTube}, 
    author={Science Skool}, 
    year={2018}, 
    month={Sep}
} 
 
 @misc{mcdermott_2022, 
    title={6 Ways Your Body Benefits from Lemon Water}, url={https://www.healthline.com/health/food-nutrition/benefits-of-lemon-water}, 
    journal={Healthline}, 
    publisher={Healthline Media}, 
    author={McDermott, Annette}, 
    year={2022}, 
    month={May}
} 
 
 @misc{overhiser_2021, 
    title={Lemon Water Recipe}, 
    url={https://www.acouplecooks.com/lemon-water-recipe/}, 
    journal={A Couple Cooks}, 
    author={Overhiser, Sonja}, 
    year={2021}, 
    month={Jun}
} 
 
 @misc{sapkota_2022, 
    title={Iodine Test- Definition, Principle, Procedure, Result, Uses}, url={https://microbenotes.com/iodine-test/}, 
    journal={Microbe Notes}, 
    author={Sapkota, Anupama}, 
    year={2022}, 
    month={Mar}
} 
 
 @misc{worthington_biochemical, 
    title={Amylase, alpha}, 
    url={https://www.worthington-biochem.com/products/amylase-alpha}, 
    journal={Worthington Biochemical}, 
    publisher={Worthington Biochemical Corporation},
    author={Worthington Biochemical}
} 

@article{oboh_olasehinde_ademosun_2017, 
    title={Inhibition of Enzymes Linked to Type-2 Diabetes and Hypertension by Essential Oils from Peels of Orange and Lemon}, 
    volume={20},
    DOI={10.1080/10942912.2017.1303709}, 
    number={sup1}, 
    journal={International Journal of Food Properties}, 
    author={Oboh, Ganiyu and Olasehinde, Tosin A. and Ademosun, Ayokunle O.}, 
    year={2017}
} 

@misc{lund_lund, 
    title={Spearman's Rank-Order Correlation}, url={https://statistics.laerd.com/statistical-guides/spearmans-rank-order-correlation-statistical-guide.php}, journal={Laerd Statistics}, 
    author={Lund, Adam and Lund, Mark}
} 

@misc{social_science_statistics, 
    title={Spearman's Rho Calculator}, 
    url={https://www.socscistatistics.com/tests/spearman/default3.aspx}, 
    journal={Social Science Statistics}, 
    author={Social Science Statistics}
} 